@article{chen2014big,
  title={Big data deep learning: challenges and perspectives},
  author={Chen, Xue-Wen and Lin, Xiaotong},
  journal={IEEE access},
  volume={2},
  pages={514--525},
  year={2014},
  publisher={Ieee}
}
